@article{lopez1993,
  title={ANACAL: a program to carry out a configurational analysis of the wave function of reactive systems},
  author={L{\'o}pez, R and Men{\'e}ndez, MI and Su{\'a}rez, D and Sordo, TL and Sordo, JA},
  journal={Computer physics communications},
  volume={76},
  number={2},
  pages={235--249},
  year={1993},
  publisher={Elsevier}
}
@article{litfin2019,
	title={SPOT-peptide: Template-based prediction of peptide-binding proteins and peptide-binding sites},
	author={Litfin, Thomas and Yang, Yuedong and Zhou, Yaoqi},
	journal={Journal of chemical information and modeling},
	year={2019},
	publisher={ACS Publications}
}
@article{ribeiro2017atlas,
	title={Mechanism and Catalytic Site Atlas (M-CSA): a database of enzyme reaction mechanisms and active sites},
	author={Ribeiro, Ant{\'o}nio J M and Holliday, Gemma L and Furnham, Nicholas and Tyzack, Jonathan D and Ferris, Katherine and Thornton, Janet M},
	journal={Nucleic acids research},
	volume={46},
	number={D1},
	pages={D618--D623},
	year={2017},
	publisher={Oxford University Press}
}
@article{cedillo2012local,
	title={A local extension of the electrophilicity index concept},
	author={Cedillo, Andr{\'e}s and Contreras, Renato},
	journal={Journal of the Mexican Chemical Society},
	volume={56},
	number={3},
	pages={257--260},
	year={2012},
	publisher={Sociedad Qu{\'\i}mica de M{\'e}xico AC}
}
@article{parr1978elect,
	title={Electronegativity: the density functional viewpoint},
	author={Parr, Robert G and Donnelly, Robert A and Levy, Mel and Palke, William E},
	journal={The Journal of Chemical Physics},
	volume={68},
	number={8},
	pages={3801--3807},
	year={1978},
	publisher={AIP}
}
@article{parr1983absolute,
	title={Absolute hardness: companion parameter to absolute electronegativity},
	author={Parr, Robert G and Pearson, Ralph G},
	journal={Journal of the American Chemical Society},
	volume={105},
	number={26},
	pages={7512--7516},
	year={1983},
	publisher={ACS Publications}
}
@article{meneses2004proposal,
	title={A proposal for a new local hardness as selectivity index},
	author={Meneses, Lorena and Tiznado, William and Contreras, Renato and Fuentealba, Patricio},
	journal={Chemical physics letters},
	volume={383},
	number={1-2},
	pages={181--187},
	year={2004},
	publisher={Elsevier}
}
@article{gal2011new,
	title={A new approach to local hardness},
	author={Gal, T and Geerlings, P and De Proft, F and Torrent-Sucarrat, M},
	journal={Physical Chemistry Chemical Physics},
	volume={13},
	number={33},
	pages={15003--15015},
	year={2011},
	publisher={Royal Society of Chemistry}
}
@article{1984,
	author = {Parr, Robert G and Parr, Robert G and Yang, Weitao and Yang, Weitao},
	doi = {doi: 10.1021/ja00326a036},
	isbn = {0002-7863},
	issn = {0002-7863},
	journal = {J. Am. Chem. Soc.},
	number = {14},
	pages = {4049--4050},
	title = {{Density functional approach to the frontier-electron theory of chemical reactivity}},
	volume = {106},
	year = {1984}
}
@article{yang1984electron,
	title={Electron density, Kohn--Sham frontier orbitals, and Fukui functions},
	author={Yang, Weitao and Parr, Robert G and Pucci, R},
	journal={The Journal of Chemical Physics},
	volume={81},
	number={6},
	pages={2862--2863},
	year={1984},
	publisher={AIP}
}
@article{martinez2015dual,
	title={Why is the dual descriptor a more accurate local reactivity descriptor than Fukui functions?},
	author={Mart{\'\i}nez-Araya, Jorge Ignacio},
	journal={Journal of Mathematical Chemistry},
	volume={53},
	number={2},
	pages={451--465},
	year={2015},
	publisher={Springer}
}
@article{noorizadeh2013evaluation,
	title={Evaluation of absolute hardness: a new approach},
	author={Noorizadeh, Siamak and Parsa, Hadi},
	journal={The Journal of Physical Chemistry A},
	volume={117},
	number={5},
	pages={939--946},
	year={2013},
	publisher={ACS Publications}
}
@article{cardenas2011fukuipotential,
	title={The Fukui potential and the capacity of charge and the global hardness of atoms},
	author={C{\'a}rdenas, Carlos and Tiznado, William and Ayers, Paul W and Fuentealba, Patricio},
	journal={The Journal of Physical Chemistry A},
	volume={115},
	number={11},
	pages={2325--2331},
	year={2011},
	publisher={ACS Publications}
}
@article{padmanabhan2007electrophilicity,
	title={Electrophilicity-based charge transfer descriptor},
	author={Padmanabhan, J and Parthasarathi, R and Subramanian, V and Chattaraj, PK},
	journal={The Journal of Physical Chemistry A},
	volume={111},
	number={7},
	pages={1358--1361},
	year={2007},
	publisher={ACS Publications}
}
@article{padmanabhan2007multiphilic,
	title={Multiphilic descriptor for chemical reactivity and selectivity},
	author={Padmanabhan, J and Parthasarathi, R and Elango, M and Subramanian, V and Krishnamoorthy, BS and Gutierrez-Oliva, S and Toro-Labb{\'e}, A and Roy, DR and Chattaraj, PK},
	journal={The Journal of Physical Chemistry A},
	volume={111},
	number={37},
	pages={9130--9138},
	year={2007},
	publisher={ACS Publications}
}
@article{khandogin2003insights,
	title={Insights into the regioselectivity and RNA-binding affinity of HIV-1 nucleocapsid protein from linear-scaling quantum methods},
	author={Khandogin, Jana and Musier-Forsyth, Karin and York, Darrin M},
	journal={Journal of molecular biology},
	volume={330},
	number={5},
	pages={993--1004},
	year={2003},
	publisher={Elsevier}
}
@article{la2012computational,
	title={Computational insights into the role of the frontiers orbital in the chemistry of tridentate ligands},
	author={La Porta, FA and Giacoppo, JOS and Ramos, PH and Guerreiro, MC and Ramalho, TC},
	journal={American Journal of Chemistry},
	volume={2},
	number={5},
	pages={255--262},
	year={2012}
}
@article{torrent2008hardness,
	title={The hardness kernel as the basis for global and local reactivity indices},
	author={Torrent-Sucarrat, Miquel and Salvador, Pedro and Sol{\`a}, Miquel and Geerlings, Paul},
	journal={Journal of computational chemistry},
	volume={29},
	number={7},
	pages={1064},
	year={2008},
	publisher={John Wiley \& Sons, Ltd}
}
@article{pino2017proposal,
	title={Proposal of a simple and effective local reactivity descriptor through a topological analysis of an orbital-weighted fukui function},
	author={Pino-Rios, Ricardo and Ya{\~n}ez, Osvaldo and Inostroza, Diego and Ruiz, Lina and Cardenas, Carlos and Fuentealba, Patricio and Tiznado, William},
	journal={Journal of computational chemistry},
	volume={38},
	number={8},
	pages={481--488},
	year={2017},
	publisher={Wiley Online Library}
}

